% This file was created with Citavi 6.7.0.0

@article{ClementineNebutFranckFleureyYvesLeTraonJeanMarcJezequel.2006,
 author = {{Cl{\'e}mentine Nebut, Franck Fleurey, Yves Le Traon, Jean-Marc J{\'e}z{\'e}quel}},
 year = {2006},
 title = {Automatic Test Generation: A Use Case Driven Approach},
 url = {https://ieeexplore.ieee.org/stamp/stamp.jsp?tp=&arnumber=1610607},
 urldate = {2020-12-06},
 volume = {32}
}


@proceedings{NajlaRazaAamerNadeemMuhammadZohaibZ.Iqbal.2007,
 year = {2007},
 title = {An Automated Approach to System Testing based on Scenarios and Operations Contracts},
 url = {https://ieeexplore.ieee.org/stamp/stamp.jsp?tp=&arnumber=4385504},
 urldate = {2020-12-06},
 publisher = {IEEE},
 editor = {{Najla Raza, Aamer Nadeem, Muhammad Zohaib Z. Iqbal}}
}


