% Encoding: UTF-8

@Article{Siegl2010,
  author  = {S. Siegl and K.-S. Hielscher and R. German},
  journal = {IEEE International Conference on Requirements Engineering},
  title   = {Model Based Requirements Analysis and Testing of Automotive Systems with Timed Usage Models},
  year    = {2010},
  pages   = {345--350},
}

@Article{Guan2015,
  author  = {J. Guan and J. Offutt},
  journal = {IEEE Eighth International Conference on Software Testing},
  title   = {A Model-Based Testing Technique for Component-Based Real-Time Embedded Systems},
  year    = {2015},
}

@Misc{ACM,
  howpublished = {https://dl.acm.org/},
  title        = {ACM Digital Library},
}

@Misc{IEEE,
  howpublished = {https://ieeexplore.ieee.org/Xplore/home.jsp},
  title        = {IEEE Xplore},
}

@Misc{IMDB,
  howpublished = {https://www.imdb.com/},
  title        = {IMDB},
}

@Comment{jabref-meta: databaseType:bibtex;}
